%YAML 1.1
%TAG !u! tag:unity3d.com,2011:
--- !u!1 &7546883556953702974
GameObject:
  m_ObjectHideFlags: 0
  m_CorrespondingSourceObject: {fileID: 0}
  m_PrefabInstance: {fileID: 0}
  m_PrefabAsset: {fileID: 0}
  serializedVersion: 6
  m_Component:
  - component: {fileID: 7546883556953702973}
  - component: {fileID: 7546883556953702946}
  - component: {fileID: 7546883556953702947}
  - component: {fileID: 7546883556953702972}
  m_Layer: 0
  m_Name: Head
  m_TagString: Untagged
  m_Icon: {fileID: 0}
  m_NavMeshLayer: 0
  m_StaticEditorFlags: 0
  m_IsActive: 1
--- !u!4 &7546883556953702973
Transform:
  m_ObjectHideFlags: 0
  m_CorrespondingSourceObject: {fileID: 0}
  m_PrefabInstance: {fileID: 0}
  m_PrefabAsset: {fileID: 0}
  m_GameObject: {fileID: 7546883556953702974}
  m_LocalRotation: {x: 0, y: 0, z: 0, w: 1}
  m_LocalPosition: {x: 0, y: 0.83, z: 0}
  m_LocalScale: {x: 1, y: 10.703, z: 1}
  m_Children: []
  m_Father: {fileID: 7546883557954569679}
  m_RootOrder: 0
  m_LocalEulerAnglesHint: {x: 0, y: 0, z: 0}
--- !u!33 &7546883556953702946
MeshFilter:
  m_ObjectHideFlags: 0
  m_CorrespondingSourceObject: {fileID: 0}
  m_PrefabInstance: {fileID: 0}
  m_PrefabAsset: {fileID: 0}
  m_GameObject: {fileID: 7546883556953702974}
  m_Mesh: {fileID: 10207, guid: 0000000000000000e000000000000000, type: 0}
--- !u!23 &7546883556953702947
MeshRenderer:
  m_ObjectHideFlags: 0
  m_CorrespondingSourceObject: {fileID: 0}
  m_PrefabInstance: {fileID: 0}
  m_PrefabAsset: {fileID: 0}
  m_GameObject: {fileID: 7546883556953702974}
  m_Enabled: 1
  m_CastShadows: 1
  m_ReceiveShadows: 1
  m_DynamicOccludee: 1
  m_MotionVectors: 1
  m_LightProbeUsage: 1
  m_ReflectionProbeUsage: 1
  m_RayTracingMode: 2
  m_RenderingLayerMask: 1
  m_RendererPriority: 0
  m_Materials:
  - {fileID: 2100000, guid: 1070ad180f448f74b9909ce6aae87633, type: 2}
  m_StaticBatchInfo:
    firstSubMesh: 0
    subMeshCount: 0
  m_StaticBatchRoot: {fileID: 0}
  m_ProbeAnchor: {fileID: 0}
  m_LightProbeVolumeOverride: {fileID: 0}
  m_ScaleInLightmap: 1
  m_ReceiveGI: 1
  m_PreserveUVs: 0
  m_IgnoreNormalsForChartDetection: 0
  m_ImportantGI: 0
  m_StitchLightmapSeams: 1
  m_SelectedEditorRenderState: 3
  m_MinimumChartSize: 4
  m_AutoUVMaxDistance: 0.5
  m_AutoUVMaxAngle: 89
  m_LightmapParameters: {fileID: 0}
  m_SortingLayerID: 0
  m_SortingLayer: 0
  m_SortingOrder: 0
--- !u!135 &7546883556953702972
SphereCollider:
  m_ObjectHideFlags: 0
  m_CorrespondingSourceObject: {fileID: 0}
  m_PrefabInstance: {fileID: 0}
  m_PrefabAsset: {fileID: 0}
  m_GameObject: {fileID: 7546883556953702974}
  m_Material: {fileID: 0}
  m_IsTrigger: 0
  m_Enabled: 1
  serializedVersion: 2
  m_Radius: 0.5
  m_Center: {x: 0, y: 0, z: 0}
--- !u!1 &7546883557954569675
GameObject:
  m_ObjectHideFlags: 0
  m_CorrespondingSourceObject: {fileID: 0}
  m_PrefabInstance: {fileID: 0}
  m_PrefabAsset: {fileID: 0}
  serializedVersion: 6
  m_Component:
  - component: {fileID: 7546883557954569679}
  - component: {fileID: 7546883557954569672}
  - component: {fileID: 7546883557954569673}
  - component: {fileID: 7546883557954569674}
  - component: {fileID: 6247090228922525870}
  - component: {fileID: 6143882635352882395}
  m_Layer: 0
  m_Name: SmokeBullet
  m_TagString: Untagged
  m_Icon: {fileID: 0}
  m_NavMeshLayer: 0
  m_StaticEditorFlags: 0
  m_IsActive: 1
--- !u!4 &7546883557954569679
Transform:
  m_ObjectHideFlags: 0
  m_CorrespondingSourceObject: {fileID: 0}
  m_PrefabInstance: {fileID: 0}
  m_PrefabAsset: {fileID: 0}
  m_GameObject: {fileID: 7546883557954569675}
  m_LocalRotation: {x: 0.7071068, y: 0, z: 0, w: 0.7071068}
  m_LocalPosition: {x: 8.161655, y: 1.60856, z: 7.83643}
  m_LocalScale: {x: 0.07, y: 0.0057785, z: 0.0622146}
  m_Children:
  - {fileID: 7546883556953702973}
  - {fileID: 7546883556964756278}
  m_Father: {fileID: 0}
  m_RootOrder: 0
  m_LocalEulerAnglesHint: {x: 90, y: 0, z: 0}
--- !u!33 &7546883557954569672
MeshFilter:
  m_ObjectHideFlags: 0
  m_CorrespondingSourceObject: {fileID: 0}
  m_PrefabInstance: {fileID: 0}
  m_PrefabAsset: {fileID: 0}
  m_GameObject: {fileID: 7546883557954569675}
  m_Mesh: {fileID: 10206, guid: 0000000000000000e000000000000000, type: 0}
--- !u!23 &7546883557954569673
MeshRenderer:
  m_ObjectHideFlags: 0
  m_CorrespondingSourceObject: {fileID: 0}
  m_PrefabInstance: {fileID: 0}
  m_PrefabAsset: {fileID: 0}
  m_GameObject: {fileID: 7546883557954569675}
  m_Enabled: 1
  m_CastShadows: 1
  m_ReceiveShadows: 1
  m_DynamicOccludee: 1
  m_MotionVectors: 1
  m_LightProbeUsage: 1
  m_ReflectionProbeUsage: 1
  m_RayTracingMode: 2
  m_RenderingLayerMask: 1
  m_RendererPriority: 0
  m_Materials:
  - {fileID: 2100000, guid: 1070ad180f448f74b9909ce6aae87633, type: 2}
  m_StaticBatchInfo:
    firstSubMesh: 0
    subMeshCount: 0
  m_StaticBatchRoot: {fileID: 0}
  m_ProbeAnchor: {fileID: 0}
  m_LightProbeVolumeOverride: {fileID: 0}
  m_ScaleInLightmap: 1
  m_ReceiveGI: 1
  m_PreserveUVs: 0
  m_IgnoreNormalsForChartDetection: 0
  m_ImportantGI: 0
  m_StitchLightmapSeams: 1
  m_SelectedEditorRenderState: 3
  m_MinimumChartSize: 4
  m_AutoUVMaxDistance: 0.5
  m_AutoUVMaxAngle: 89
  m_LightmapParameters: {fileID: 0}
  m_SortingLayerID: 0
  m_SortingLayer: 0
  m_SortingOrder: 0
--- !u!136 &7546883557954569674
CapsuleCollider:
  m_ObjectHideFlags: 0
  m_CorrespondingSourceObject: {fileID: 0}
  m_PrefabInstance: {fileID: 0}
  m_PrefabAsset: {fileID: 0}
  m_GameObject: {fileID: 7546883557954569675}
  m_Material: {fileID: 0}
  m_IsTrigger: 1
  m_Enabled: 1
  m_Radius: 0.52860963
  m_Height: 12.807015
  m_Direction: 1
  m_Center: {x: 0.000000053218432, y: 0.42959237, z: 0.01092128}
--- !u!114 &6247090228922525870
MonoBehaviour:
  m_ObjectHideFlags: 0
  m_CorrespondingSourceObject: {fileID: 0}
  m_PrefabInstance: {fileID: 0}
  m_PrefabAsset: {fileID: 0}
  m_GameObject: {fileID: 7546883557954569675}
  m_Enabled: 1
  m_EditorHideFlags: 0
  m_Script: {fileID: 11500000, guid: 04d12ee276cf30e44b1fe071a71e2d98, type: 3}
  m_Name: 
  m_EditorClassIdentifier: 
  maxDistance: 1000000
  enemy: {fileID: 0}
--- !u!54 &6143882635352882395
Rigidbody:
  m_ObjectHideFlags: 0
  m_CorrespondingSourceObject: {fileID: 0}
  m_PrefabInstance: {fileID: 0}
  m_PrefabAsset: {fileID: 0}
  m_GameObject: {fileID: 7546883557954569675}
  serializedVersion: 2
  m_Mass: 0.0000001
  m_Drag: 0
  m_AngularDrag: 0
  m_UseGravity: 0
  m_IsKinematic: 0
  m_Interpolate: 0
  m_Constraints: 0
  m_CollisionDetection: 0
--- !u!1001 &7546883556964364724
PrefabInstance:
  m_ObjectHideFlags: 0
  serializedVersion: 2
  m_Modification:
    m_TransformParent: {fileID: 7546883557954569679}
    m_Modifications:
    - target: {fileID: 100002, guid: 5009bf425539d77498f5db824a14dab5, type: 3}
      propertyPath: m_Name
      value: WFX_SmokeGrenade AlphaBlend Red
      objectReference: {fileID: 0}
    - target: {fileID: 400002, guid: 5009bf425539d77498f5db824a14dab5, type: 3}
      propertyPath: m_LocalPosition.x
      value: -0.02
      objectReference: {fileID: 0}
    - target: {fileID: 400002, guid: 5009bf425539d77498f5db824a14dab5, type: 3}
      propertyPath: m_LocalPosition.y
      value: -1.1
      objectReference: {fileID: 0}
    - target: {fileID: 400002, guid: 5009bf425539d77498f5db824a14dab5, type: 3}
      propertyPath: m_LocalPosition.z
      value: 0
      objectReference: {fileID: 0}
    - target: {fileID: 400002, guid: 5009bf425539d77498f5db824a14dab5, type: 3}
      propertyPath: m_LocalRotation.x
      value: 0.006404938
      objectReference: {fileID: 0}
    - target: {fileID: 400002, guid: 5009bf425539d77498f5db824a14dab5, type: 3}
      propertyPath: m_LocalRotation.y
      value: 0.7070777
      objectReference: {fileID: 0}
    - target: {fileID: 400002, guid: 5009bf425539d77498f5db824a14dab5, type: 3}
      propertyPath: m_LocalRotation.z
      value: -0.70707786
      objectReference: {fileID: 0}
    - target: {fileID: 400002, guid: 5009bf425539d77498f5db824a14dab5, type: 3}
      propertyPath: m_LocalRotation.w
      value: -0.0064049372
      objectReference: {fileID: 0}
    - target: {fileID: 400002, guid: 5009bf425539d77498f5db824a14dab5, type: 3}
      propertyPath: m_RootOrder
      value: 1
      objectReference: {fileID: 0}
    - target: {fileID: 400002, guid: 5009bf425539d77498f5db824a14dab5, type: 3}
      propertyPath: m_LocalEulerAnglesHint.x
      value: 91.037994
      objectReference: {fileID: 0}
    - target: {fileID: 400002, guid: 5009bf425539d77498f5db824a14dab5, type: 3}
      propertyPath: m_LocalEulerAnglesHint.y
      value: 90.001
      objectReference: {fileID: 0}
    - target: {fileID: 400002, guid: 5009bf425539d77498f5db824a14dab5, type: 3}
      propertyPath: m_LocalEulerAnglesHint.z
      value: -89.99899
      objectReference: {fileID: 0}
    - target: {fileID: 19800000, guid: 5009bf425539d77498f5db824a14dab5, type: 3}
      propertyPath: InitialModule.startRotationX.minMaxState
      value: 3
      objectReference: {fileID: 0}
    - target: {fileID: 19800000, guid: 5009bf425539d77498f5db824a14dab5, type: 3}
      propertyPath: InitialModule.startRotationY.minMaxState
      value: 3
      objectReference: {fileID: 0}
    - target: {fileID: 19800000, guid: 5009bf425539d77498f5db824a14dab5, type: 3}
      propertyPath: startDelay.scalar
      value: 0
      objectReference: {fileID: 0}
    - target: {fileID: 19800000, guid: 5009bf425539d77498f5db824a14dab5, type: 3}
      propertyPath: EmissionModule.rateOverTime.scalar
      value: 40
      objectReference: {fileID: 0}
    - target: {fileID: 19800002, guid: 5009bf425539d77498f5db824a14dab5, type: 3}
      propertyPath: EmissionModule.rateOverTime.scalar
      value: 24
      objectReference: {fileID: 0}
    m_RemovedComponents: []
  m_SourcePrefab: {fileID: 100100000, guid: 5009bf425539d77498f5db824a14dab5, type: 3}
--- !u!4 &7546883556964756278 stripped
Transform:
  m_CorrespondingSourceObject: {fileID: 400002, guid: 5009bf425539d77498f5db824a14dab5,
    type: 3}
  m_PrefabInstance: {fileID: 7546883556964364724}
  m_PrefabAsset: {fileID: 0}
